<record><leader>00000cas a22000007a 4500</leader><controlfield tag="001">31874866</controlfield><controlfield tag="008">950124d18uu1949vauwr ne      0    0eng d</controlfield><datafield ind1=" " ind2=" " tag="010"><subfield code="a">sn 95079003 </subfield></datafield><datafield ind1=" " ind2=" " tag="040"><subfield code="a">NVK</subfield><subfield code="b">eng</subfield><subfield code="c">NVK</subfield><subfield code="d">OCL</subfield><subfield code="d">OCLCQ</subfield><subfield code="d">OCLCO</subfield></datafield><datafield ind1=" " ind2=" " tag="042"><subfield code="a">msc</subfield></datafield><datafield ind1=" " ind2=" " tag="043"><subfield code="a">n-us-va</subfield></datafield><datafield ind1="0" ind2="0" tag="245"><subfield code="a">Eastern shore herald.</subfield></datafield><datafield ind1="1" ind2=" " tag="246"><subfield code="i">Published as the:</subfield><subfield code="a">Eastern shore herald week-end review</subfield><subfield code="f">Mar. 12-May 11, 1949</subfield></datafield><datafield ind1=" " ind2=" " tag="260"><subfield code="a">Eastville, Va. :</subfield><subfield code="b">Wm. C. Handy and R.B. Handy</subfield></datafield><datafield ind1=" " ind2=" " tag="300"><subfield code="a">v.</subfield></datafield><datafield ind1=" " ind2=" " tag="310"><subfield code="a">Weekly</subfield></datafield><datafield ind1="0" ind2=" " tag="362"><subfield code="a">-v. 1, no. 37 (Nov. 16, [1949]).</subfield></datafield><datafield ind1=" " ind2=" " tag="500"><subfield code="a">Publishers: Thomas B. Robertson, &lt;Oct. 7, 1904&gt;; Benj. T. Fisher, &lt;Jan. 26, 1912&gt;; Turner Company, Inc., &lt;Feb. 24&gt;-Nov. 16, 1949.</subfield></datafield><datafield ind1=" " ind2=" " tag="500"><subfield code="a">Published in Nassawadox, Va., &lt;Nov. 16, 1949&gt;; Exmore, Va., Feb. 24, 1949-&lt;&gt;.</subfield></datafield><datafield ind1=" " ind2=" " tag="515"><subfield code="a">Numbering changes to Vol. 1, no. 1 with Mar. 12, 1949 issue.</subfield></datafield><datafield ind1=" " ind2=" " tag="588"><subfield code="a">Description based on: Vol. 12, no. 9 (Feb. 19, 1892).</subfield></datafield><datafield ind1=" " ind2="0" tag="651"><subfield code="a">Eastville (Va.)</subfield><subfield code="v">Newspapers.</subfield></datafield><datafield ind1=" " ind2="0" tag="651"><subfield code="a">Exmore (Va.)</subfield><subfield code="v">Newspapers.</subfield></datafield><datafield ind1=" " ind2="0" tag="651"><subfield code="a">Nassawadox (Va.)</subfield><subfield code="v">Newspapers.</subfield></datafield><datafield ind1=" " ind2=" " tag="752"><subfield code="a">United States</subfield><subfield code="b">Virginia</subfield><subfield code="c">Northampton</subfield><subfield code="d">Nassawadox.</subfield></datafield><datafield ind1=" " ind2=" " tag="752"><subfield code="a">United States</subfield><subfield code="b">Virginia</subfield><subfield code="c">Northampton</subfield><subfield code="d">Exmore.</subfield></datafield><datafield ind1=" " ind2=" " tag="752"><subfield code="a">United States</subfield><subfield code="b">Virginia</subfield><subfield code="c">Northampton</subfield><subfield code="d">Eastville.</subfield></datafield><datafield ind1="0" ind2="0" tag="780"><subfield code="t">Eastern shore weekly herald</subfield><subfield code="w">(DLC)sn 96096527</subfield></datafield><datafield ind1="0" ind2="0" tag="785"><subfield code="t">Exmore tribune</subfield><subfield code="w">(DLC)sn 95079012</subfield></datafield></record>